% this is the bibliography file


Misc{iso-odf,
  author = 	 {International Organization for Standardization},
  title = 	 {ISO/IEC 26300:2006 Open Document Format},
  howpublished = {\url{http://std.dkuug.dk/keld/iso26300-odf/is26300/iso_iec_26300:2006_e.pdf}},
  month = 	 {December},
  year = 	 {2006},
  annote = 	 {\url{http://www.iso.org/iso/iso_catalogue/catalogue_tc/catalogue_detail.htm?csnumber=43485}}
}


@Misc{microsoft-research,
  author = {Bernheim Brush and Bongshin Lee and Ratul Mahajan and Sharad Agarwal and Stefan Saroiu and Colin Dixon},
  title = {{Home Automation in the Wild: Challenges and Opportunities}},
  howpublished = {\url{http://research.microsoft.com/pubs/145863/HomeOSCHI_cameraready_Final.pdf}},
  year = {2010}
}

@Misc{market-research,
  author = {Shalini R.},
  title = {{Wireless Sensors: Technologies and Global Markets}},
  howpublished = {\url{http://www.bccresearch.com/market-research/instrumentation-and-sensors/wireless-sensors-technologies-report-ias019b.html}},
  year = {2010}
}

@Misc{wiFly-ref,
  title = {{WiFly Command Reference, Advanced Features and Applications User's Guide}},
  howpublished = {\url{http://ww1.microchip.com/downloads/en/DeviceDoc/50002230A.pdf}},
  year = {2014}
}

@Misc{ev-board-datasheet,
  title = {{RN-XV-RD2 Datasheet}},
  howpublished = {\url{http://ww1.microchip.com/downloads/en/DeviceDoc/50002222A.pdf}},
  year = {2014}
}

@Misc{bt-command-user-guide,
  title = {{Bluetooth Data Module Command Reference and Advanced Information Userâ€™s Guide}},
  howpublished = {\url{http://ww1.microchip.com/downloads/en/DeviceDoc/bluetooth_cr_UG-v1.0r.pdf}},
  year = {2013},
  month = {March}
}

@Misc{about-yocto,
  title = {{The Yocto Project}},
  howpublished = {\url{https://www.yoctoproject.org/about}},
  year = {2015}
}



